@book{Positioning_book1,
	Author = {João Figueiras and Simone Frattasi},
	Date-Added = {2014-09-05 10:55:31 +0200},
	Date-Modified = {2014-09-05 10:58:15 +0200},
	Publisher = {Wiley},
	Title = {{Mobile Positioning and Tracking. From Conventional to Cooperative Techniques}},
	Year = {2010}} 

@book{Positioning_book2,
	Author = {Davide Dardari and Emanuela Falletti and Marco Luise},
	Date-Added = {2014-09-05 10:55:31 +0200},
	Date-Modified = {2014-09-05 10:58:15 +0200},
	Publisher = {Elsevier},
	Title = {{Satellite and Terrestrial Radio Positioning Techniques}},
	Year = {2012}}
	
@book{Positioning_book3,
	Author = {Elliott D. Kaplan and Christopher J. Hegarty},
	Date-Added = {2014-09-05 10:55:31 +0200},
	Date-Modified = {2014-09-05 10:58:15 +0200},
	Publisher = {Artech House},
	Title = {{Understanding GPS, Principles and Applications}},
	Year = {2006}}
	
@ARTICLE{Pay_as_you_drive_insurance, 
	author={Jan Willem Bolderdijk and Linda Steg}, 
	title={{Pay-as-you-drive vehicle insurance as a tool to reduce crash risk: results so far and further potential}}, 
	year={20011}, 
	month={Sep}}
	
@ARTICLE{Locating_the_nodes_cooperative_localization, 
	author={Patwari, N. and Ash, J.N. and Kyperountas, S. and Hero, A.O. and Moses, R.L. and Correal, N.S.}, 
	journal={IEEE Signal Processing Magazine}, 
	title={{Locating the nodes: cooperative localization in wireless sensor networks}}, 
	year={2005}, 
	month={July}, 
	volume={22}, 
	number={4}, 
	pages={54-69}, 
	keywords={covariance matrices;direction-of-arrival estimation;distributed algorithms;signal processing;statistical analysis;synchronisation;time-of-arrival estimation;ultra wideband communication;wireless sensor networks;acoustic media;angle-of-arrival measurement;centralized algorithm;cooperative localization;covariance matrix;distributed algorithm;location estimation;measurement-based statistical model;received-signal-strength;sensor localization system;statistical signal processing;synchronization;time-of-arrival measurement;ultrawideband measurement;wideband measurement;wireless sensor network;Ash;Communication system traffic control;Costs;Global Positioning System;Monitoring;Robustness;Sensor phenomena and characterization;Sensor systems;Wireless LAN;Wireless sensor networks}, 
	doi={10.1109/MSP.2005.1458287}, 
	ISSN={1053-5888},}
	
@ARTICLE{Localization_via_ultra_wideband_radios_a_look, 
author={Gezici, S. and Zhi Tian and Giannakis, G.B. and Kobayashi, Hisashi and Molisch, A.F. and Poor, H.V. and Sahinoglu, Z.}, 
journal={IEEE Signal Processing Magazine}, 
title={{Localization via ultra-wideband radios: a look at positioning aspects for future sensor networks}}, 
year={2005}, 
month={July}, 
volume={22}, 
number={4}, 
pages={70-84}, 
keywords={channel estimation;direction-of-arrival estimation;multipath channels;radiofrequency interference;signal resolution;time-domain analysis;time-of-arrival estimation;ultra wideband communication;wireless sensor networks;UWB technology;angle-of-arrival estimation;location estimation;multipath channel;multiple access interference;radio air interface;radio localization;signal resolution;time domain analysis;time-of-arrival estimation;ultrawideband radio;wireless positioning;wireless sensor network;Bandwidth;Context;FCC;Land mobile radio cellular systems;Radar applications;Sensor systems;Standardization;Ultra wideband communication;Ultra wideband radar;Ultra wideband technology}, 
doi={10.1109/MSP.2005.1458289}, 
ISSN={1053-5888},}

@INPROCEEDINGS{GPS,
	title = {{Global Positioning System standard positioning service performance standard}},
	organization = {Department of Defense, U.S.A},
	year={2008, also available at \textsc{url:} {\url{http://www.gps.gov/technical}}}}

@ARTICLE{Article_Cooperative_Positioning, 
	author={Wymeersch, H. and Lien, J. and Win, M.Z.}, 
	journal={Proceedings of the IEEE}, 
	title={{Cooperative Localization in Wireless Networks}}, 
	year={2009}, 
	month={Feb}, 
	volume={97}, 
	number={2}, 
	pages={427-450}, 
	keywords={delays;mobility management (mobile radio);statistical analysis;telecommunication network topology;ultra wideband communication;cooperative localization;location-aware technologies;network topology;statistical inference;subnanosecond delays;ubiquitous location-awareness;ultrawide bandwidth wireless networks;wireless networks;Bandwidth;Inference algorithms;Laboratories;Phase measurement;Pollution measurement;Robustness;State estimation;Temperature sensors;Wireless communication;Wireless networks;Cooperative processing;factor graphs;localization;sum-product algorithm;ultrawide bandwidth transmission}, 
	doi={10.1109/JPROC.2008.2008853}, 
	ISSN={0018-9219},}

@INPROCEEDINGS{Article_LTE_Positioning1, 
author={Del Peral-Rosado, J.A and Lopez-Salcedo, J.A and Seco-Granados, G. and Zanier, F. and Crisci, M.}, 
booktitle={Advanced Satellite Multimedia Systems Conference and 12th Signal Processing for Space Communications Workshop}, 
title={{Evaluation of the LTE positioning capabilities under typical multipath channels}}, 
year={2012}, 
month={Sept}, 
pages={139-146}, 
keywords={Global Positioning System;Long Term Evolution;channel estimation;maximum likelihood estimation;multipath channels;radio direction-finding;ITU;International Telecommunication Union;LTE positioning capabiliy evaluation;Long Term Evolution;PRS;dedicated downlink signal;histogram;maximum likelihood estimation;mobile communication standard;mobile terminal location operation;multipath channel model;positioning reference signal;signal bandwidth;timing error distribution;Bandwidth;Channel models;Correlation;Delay;Histograms;Maximum likelihood estimation}, 
doi={10.1109/ASMS-SPSC.2012.6333065}}
	
@book{OFDM_book,
	Author = {Y. G. Li and G. L. Stuber},
	Date-Added = {2014-09-05 10:55:31 +0200},
	Date-Modified = {2014-09-05 10:58:15 +0200},
	Publisher = {Springer},
	Title = {{Orthogonal Frequency Division Multiplexing for Wireless Communications}},
	Year = {2009}}

@book{LTE_book1,
	Author = {Stefania Sesia and Issam Toufik and Matthew Baker},
	Date-Added = {2014-09-05 10:55:31 +0200},
	Date-Modified = {2014-09-05 10:58:15 +0200},
	Publisher = {Wiley},
	Title = {{LTE – The UMTS Long Term Evolution From Theory to Practice}},
	Year = {2009}}
	
@book{LTE_book2,
	Author = {Erik Dahlman and Stefan Parkvall and Johan Sköld},
	Date-Added = {2014-09-05 10:55:31 +0200},
	Date-Modified = {2014-09-05 10:58:15 +0200},
	Publisher = {Elsevier},
	Title = {{4G LTE/LTE-Advanced for Mobile Broadband}},
	Year = {2011}}
		
@MANUAL{standard_lte_3gpp,
title = {{Evolved Universal Terrestrial Radio Access (E-UTRA); Physical channels and modulation (Release 11)}},
organization = {3rd Generation Partnership Project},
address = {V11.0.0},
author = {{3GPP TS 36.211}},
year = {2012}}

@MANUAL{wireless_insite_manual,
title = {{Wireless InSite Reference Manual}},
organization = {Remcom Inc.},
address = {V2.7.1},
year = {2014}}

@INPROCEEDINGS{lte_downlink_signals_tech_driusso,
title = {{LTE downlink signals time of arrival estimation performance comparison in the AWGN channel}},
organization = {Universit\`{a} degli Studi di Trieste, Tech. Rep.},
author = {{Marco Driusso}},
year={2013}, 
month={Dec}}

@INPROCEEDINGS{lte_toa_estimation_tech_driusso,
title = {{Using super resolution algorithms for time of arrival estimation of LTE downlink signals}},
organization = {Universit\`{a} degli Studi di Trieste, Tech. Rep.},
author = {{Marco Driusso}},
year={2014}, 
month={May}}

@INPROCEEDINGS{ipost_lte,
title = {{IPoST LTE}},
organization = {Hochschule f\"{u}r Technik Rapperswil, Tech. Rep..},
author = {{N. Ramagnano and M. Sabathy}},
year={2014}, 
month={Apr}}

@ARTICLE{sra_toa_estimation_diversity_indoor, 
author={Xinrong Li and Pahlavan, K.}, 
journal={IEEE Transactions on Wireless Communications}, 
title={{Super-resolution TOA estimation with diversity for indoor geolocation}}, 
year={2004}, 
month={Jan}, 
volume={3}, 
number={1}, 
pages={224-234}, 
keywords={bandwidth allocation;channel estimation;correlation methods;diversity reception;frequency response;indoor radio;matrix algebra;radio networks;radiowave propagation;time-domain analysis;MUSIC super-resolution;correlation matrix;correlation techniques;diversity combining techniques;forward-backward estimation;frequency diversity;frequency response;frequency-domain channel measurement;indoor geolocation applications;indoor radio propagation channels;signal bandwidth;spectrum estimation;super resolution time-of-arrival estimation;time diversity;time-domain analysis;wireless networks;Area measurement;Computer simulation;Delay estimation;Diversity reception;Frequency estimation;Indoor radio communication;Multiple signal classification;Signal resolution;Time domain analysis;Time of arrival estimation}, 
doi={10.1109/TWC.2003.819035}, 
ISSN={1536-1276},}

@book{Statistical_adaptive_signal_processing,
	Author = { D. G. Manolakis and V. K. Ingle and S. M. Kogon},
	Date-Added = {2014-09-05 10:55:31 +0200},
	Date-Modified = {2014-09-05 10:58:15 +0200},
	Publisher = {Artech House},
	Title = {{Statistical and Adaptive Signal Processing: Spectral Estimation, Signal Modeling, Adaptive Filtering, and Array Processing}},
	Year = {2000}} 
	
@ARTICLE{Active_high_resolution_time, 
	author={Pallas, M.-A. and Jourdain, G.}, 
	journal={IEEE Transactions on Signal Processing}, 
	title={{Active high resolution time delay estimation for large BT signals}}, 
	year={1991}, 
	month={April}, 
	volume={39}, 
	number={4}, 
	pages={781-788}, 
	keywords={acoustic signal processing;frequency-domain analysis;parameter estimation;signal processing;time-domain analysis;underwater sound;active high resolution time delay estimation;attenuation;delay differences;frequency method;large BT signals;large bandwidth duration product time-resolvent signals;ocean acoustic experiment;temporal method;Attenuation;Bandwidth;Delay effects;Delay estimation;Frequency estimation;Oceans;Performance gain;Propagation delay;Signal resolution;Yield estimation}, 
	doi={10.1109/78.80899}, 
	ISSN={1053-587X},}

@INPROCEEDINGS{TLS_ESPRIT_in_a_time_delay_estimation, 
	author={Saarnisaari, H.}, 
	booktitle={IEEE 47th Vehicular Technology Conference}, 
	title={{TLS-ESPRIT in a time delay estimation}}, 
	year={1997}, 
	month={May}, 
	volume={3}, 
	pages={1619-1623 vol.3}, 
	keywords={correlation methods;deconvolution;delays;least squares approximations;signal resolution;spread spectrum communication;white noise;TLS-ESPRIT;complex sinusoids;computer simulations;correlation method;deconvolution;frequency domain deconvolution;high resolution time delay estimates;spread spectrum techniques;stationary noise;time delay estimation;unbiased time delay estimates;white nonstationary noise;white stationary process;Autocorrelation;Deconvolution;Delay effects;Delay estimation;Frequency domain analysis;Frequency estimation;Parameter estimation;Signal resolution;Spread spectrum communication;White noise}, 
	doi={10.1109/VETEC.1997.605832}, 
	ISSN={1090-3038},}
	
@ARTICLE{Unitary_esprit_how_to_obtain_increased, 
author={Haardt, M. and Nossek, J.A.}, 
journal={{IEEE Transactions on Signal Processing}}, 
title={{Unitary ESPRIT: how to obtain increased estimation accuracy with a reduced computational burden}}, 
year={1995}, 
month={May}, 
volume={43}, 
number={5}, 
pages={1232-1242}, 
keywords={Hermitian matrices;array signal processing;computational complexity;phase estimation;signal reconstruction;ESPRIT-like structure;Unitary ESPRIT;centro-symmetric array configurations;closed-form algorithm;computational complexity;correlated source signals;estimation accuracy;forward-backward averaging;high-resolution signal parameter estimation technique;impinging wavefronts;matrices;phase delays;phase factors;real-valued algorithm;real-valued computations;reconstruct;sensor array;snapshots;translational invariance structure;uncorrelated signals;Computational complexity;Computational modeling;Covariance matrix;Delay;Helium;Matrix decomposition;Phase estimation;Phased arrays;Sensor arrays;Signal processing algorithms}, 
doi={10.1109/78.382406}, 
ISSN={1053-587X},}

@ARTICLE{Detection_of_signals_by_information, 
author={Wax, M. and Kailath, T.}, 
journal={IEEE Transactions on Acoustics, Speech and Signal Processing}, 
title={{Detection of signals by information theoretic criteria}}, 
year={1985}, 
month={Apr}, 
volume={33}, 
number={2}, 
pages={387-392}, 
keywords={Additive noise;Array signal processing;Backscatter;Covariance matrix;Sensor arrays;Sensor phenomena and characterization;Signal detection;Signal processing;Testing;Transient response}, 
doi={10.1109/TASSP.1985.1164557}, 
ISSN={0096-3518},}
	
@book{detection_estimation_and_modulation_theory,
   title =  {{Detection, estimation, and modulation theory. Part {IV}. , Optimum array processing}},
   author = {Van Trees and Harry L.},
   publisher = "John Wiley and Sons",
   year = 2002
}
	
@book{Golub:1996:MC:248979,
 author = {Golub, Gene H. and Van Loan, Charles F.},
 title = {{Matrix Computations (3rd Ed.)}},
 year = {1996},
 isbn = {0-8018-5414-8},
 publisher = {Johns Hopkins University Press},
 address = {Baltimore, MD, USA},
} 

@book{Wireless_Communications_Goldsmith,
 author = {Andrea Goldsmith},
 title = {{Wireless Communications}},
 year = {2005},
 isbn = {0521837162},
 publisher = {Cambridge University Press},
 address = {New York, NY, USA},
} 


@ARTICLE{Non_data_aided_SNR_estimation_of_OFDM_signals, 
author={Socheleau, F.-X. and Aissa-El-Bey, A and Houcke, S.}, 
journal={IEEE Communications Letters}, 
title={{Non data-aided SNR estimation of OFDM signals}}, 
year={2008}, 
month={November}, 
volume={12}, 
number={11}, 
pages={813-815}, 
keywords={OFDM modulation;fading channels;signal processing;OFDM signals;cognitive radio;multipath fading channel;nondata aided signal to noise ratio estimation;Baseband;Channel estimation;Cognitive radio;Fading;Numerical simulation;OFDM;Redundancy;Signal processing;Signal to noise ratio;Telecommunications;SNR estimation, OFDM, non data-aided}, 
doi={10.1109/LCOMM.2008.081134}, 
ISSN={1089-7798},}

@INPROCEEDINGS{An_iterative_and_joint_estimation_of_SNR, 
author={Vincent Savaux and Yves Lou\"et and Mo\''ise Djoko-Kouam and Alexandre Skrzypczak}, 
booktitle={European Wireless, 2012. EW. 18th European Wireless Conference}, 
title={{An iterative and joint estimation of SNR and frequency selective channel for OFDM systems}}, 
year={2012}, 
month={April}, 
pages={1-7}, 
keywords={Channel estimation;Convergence;Covariance matrix;Estimation;OFDM;Signal to noise ratio},}

@INPROCEEDINGS{dlr_lte,
title = {{LTE emulated signals measurement campaign}},
organization = {German Aerospace Center (DLR)},
author = {{Christian Gentner}},
year={2014}}

@INPROCEEDINGS{toa_tracking_1, 
author={Gentner, C. and Munoz, E. and Khider, M. and Staudinger, E. and Sand, S. and Dammann, A.}, 
booktitle={{Position Location and Navigation Symposium (PLANS), 2012 IEEE/ION}}, 
title={{Particle filter based positioning with 3GPP-LTE in indoor environments}}, 
year={2012}, 
month={April}, 
pages={301-308}, 
keywords={3G mobile communication;Bayes methods;Long Term Evolution;cellular radio;indoor environment;indoor radio;multipath channels;particle filtering (numerical methods);position measurement;satellite navigation;time-of-arrival estimation;3GPP-LTE TDoA error model;3GPP-LTE TDoA positioning;3GPP-LTE measurements;Bayes filtering methods;GNSS;Kalman filter;accuracy loss;cellular systems;cellular wireless communication systems;global navigation satellite systems;indoor environments;indoor positioning;indoor scenarios;likelihood function;multipath propagation;navigation equation;particle filter based positioning;position estimates;positioning performances;positioning results;satellite blocking;third generation partnership project long-term evolution;time difference of arrival;timing based positioning algorithms;urban environments;urban scenarios;Atmospheric measurements;Particle measurements;Satellites}, 
doi={10.1109/PLANS.2012.6236895}, 
ISSN={2153-358X},}

@INPROCEEDINGS{toa_tracking_2, 
author={Gentner, C. and Sand, S. and Dammann, A.}, 
booktitle={{Localization and GNSS (ICL-GNSS), 2012 International Conference on}}, 
title={{OFDM indoor positioning based on TDOAs: Performance analysis and experimental results}}, 
year={2012}, 
month={June}, 
pages={1-7}, 
keywords={3G mobile communication;Bayes methods;Kalman filters;Long Term Evolution;OFDM modulation;cellular radio;direction-of-arrival estimation;indoor radio;satellite navigation;synchronisation;3GPP-LTE;Cramer-Rao lower bounds;GNSS;Global Navigation Satellite Systems;OFDM indoor positioning algorithm;SNR estimation algorithms;TDOA estimation;cellular wireless communication systems;orthogonal frequency division multiplexing;particle filter;position estimation;positioning Kalman filter;recursive Bayesian CRLB;signal-to-noise estimation algorithms;static Gauss-Newton algorithm;synchronization;synchronized transmitters;third generation partnership project long-term evolution;Estimation;OFDM;Radio transmitters;Receivers;Signal to noise ratio;Synchronization}, 
doi={10.1109/ICL-GNSS.2012.6253136},}

@INPROCEEDINGS{toa_tracking_3, 
author={Gentner, C. and Jost, T.}, 
booktitle={{Indoor Positioning and Indoor Navigation (IPIN), 2013 International Conference on}}, 
title={{Indoor positioning using time difference of arrival between multipath components}}, 
year={2013}, 
month={Oct}, 
pages={1-10}, 
keywords={Kalman filters;delay estimation;direction-of-arrival estimation;indoor radio;maximum likelihood estimation;radionavigation;time-of-arrival estimation;transient response;CIR;Kalman filter;TDoAbMC;channel impulse response;fingerprinting;indoor positioning;line-of-sight path delay estimation;maximum likelihood estimation;mitigate multipath effect mitigation;moving receive antenna;multipath aided positioning;multipath propagation;multipath reception;physical transmitter;positioning device;received signal;receiver;time difference of arrival estimation;time synchronization;time-variant multipath components;transmitters;user position estimation;virtual transmitters;wireless radio transmissions;wireless signal;wireless signals;Antenna measurements;Estimation;Radio transmitters;Receivers;Synchronization;Vectors}, 
doi={10.1109/IPIN.2013.6817908},}